@book{Nunez2010,
    title = {{10 Clases de Herramientas Computacionales Num{\'{e}}ricas}},
    year = {2010},
    author = {Nu{\~{n}}ez, Luis and Hern{\'{a}}ndez, Hector},
    number = {December 2014},
    isbn = {1111111111}
}

@article{Nigam2016,
    title = {{A Brief Review of Helmholtz Conditions}},
    year = {2016},
    author = {Nigam, Kushagra and Banerjee, Kinjal},
    number = {1},
    pages = {1--11},
    volume = {0},
    url = {http://arxiv.org/abs/1602.01563},
    arxivId = {1602.01563}
}

@article{Ivanov2018,
    title = {{A conformally flat realistic anisotropic model for a compact star}},
    year = {2018},
    author = {Ivanov, B. V.},
    pages = {1--22},
    url = {http://arxiv.org/abs/1803.07420},
    arxivId = {1803.07420}
}

@misc{JodrellBankObservatory1996,
    title = {{A Tutorial on Radio Pulsars}},
    year = {1996},
    author = {{Jodrell Bank Observatory}},
    url = {http://www.jb.man.ac.uk/research/pulsar/Education/Tutorial/tut/tut.html}
}

@article{Hasmani2011,
    title = {{Algebraic Computation of Spin Coefficients in Newman-Penrose Formalism using Mathematica}},
    year = {2011},
    journal = {Journal of Dynamical Systems and Geometric Theories},
    author = {Hasmani, A.H. and Andharia, P.I.},
    number = {1},
    pages = {27--36},
    volume = {9},
    url = {http://www.tandfonline.com/doi/abs/10.1080/1726037X.2011.10698589},
    doi = {10.1080/1726037X.2011.10698589},
    issn = {1726-037X}
}

@article{Ramosd,
    title = {{Algunas Aplicaciones}},
    author = {Ramos, David}
}

@article{Vaidya1965,
    title = {{An analytical solution for gravitational collapse with radiation}},
    year = {1965},
    journal = {Astrophys. J},
    author = {Vaidya, P. C.},
    pages = {943--952}
}

@book{Chandrasekhar1958,
    title = {{An Introduction to the Study of Stellar Structure}},
    year = {1958},
    author = {Chandrasekhar, Subrahmanyan},
    pages = {61--63},
    publisher = {Dover}
}

@article{Gourgoulhon2010,
    title = {{An introduction to the theory of rotating relativistic stars}},
    year = {2010},
    author = {Gourgoulhon, Eric},
    number = {September},
    url = {http://arxiv.org/abs/1003.5015},
    isbn = {9781847203847},
    doi = {10.1112/plms/s3-14.2.299},
    issn = {00246115},
    arxivId = {1003.5015},
    keywords = {LaTeX}
}

@article{Ivanov2017,
    title = {{Analytical study of anisotropic compact star models}},
    year = {2017},
    author = {Ivanov, B. V.},
    url = {http://arxiv.org/abs/1708.07971%0Ahttp://dx.doi.org/10.1140/epjc/s10052-017-5322-7},
    doi = {10.1140/epjc/s10052-017-5322-7},
    arxivId = {1708.07971}
}

@article{Bowers1974,
    title = {{Anisotropic Spheres in General Relativity}},
    year = {1974},
    author = {Bowers, Richard L. and Liang, E. P. T.},
    number = {1},
    pages = {657--665}
}

@article{Gokhroo1994,
    title = {{Anisotropic spheres with variable energy density in general relativity}},
    year = {1994},
    journal = {General Relativity and Gravitation},
    author = {Gokhroo, M. K. and Mehra, A. L.},
    number = {1},
    pages = {75--84},
    volume = {26},
    doi = {10.1007/BF02088210},
    issn = {00017701}
}

@article{Mak2003,
    title = {{Anisotropic Stars in General Relativity}},
    year = {2003},
    journal = {Proceedings of the Royal Society of London. Series A, Mathematical, Physical and Engineering Sciences},
    author = {Mak, M. K. and Harko, T.},
    number = {2030},
    pages = {393--408},
    volume = {459},
    url = {http://rspa.royalsocietypublishing.org/content/459/2030/393.short},
    doi = {10.1098/rspa.2002.1014},
    issn = {1364-5021},
    arxivId = {arXiv:gr-qc/0110103v2},
    archivePrefix = {arXiv},
    eprint = {0110103v2},
    primaryClass = {gr-qc},
    keywords = {anisotropic stars, einstein, s field equations, static interior solutions}
}

@book{Shapiro1983,
    title = {{Black Holes, White Dwarfs and Neutron Stars}},
    year = {1983},
    author = {Shapiro, Stuart L. and Teukolsky, Saul A.},
    publisher = {WILEY-VCH},
    isbn = {0022-0973}
}

@article{Bohmer2006,
    title = {{Bounds on the basic physical parameters for anisotropic compact general relativistic objects}},
    year = {2006},
    journal = {Classical and Quantum Gravity},
    author = {B{\"{o}}hmer, C. G. and Harko, T.},
    number = {22},
    pages = {1--18},
    volume = {23},
    doi = {10.1088/0264-9381/23/22/023},
    issn = {02649381},
    arxivId = {arXiv:gr-qc/0609061v1},
    archivePrefix = {arXiv},
    eprint = {0609061v1},
    primaryClass = {gr-qc}
}

@misc{Herrera,
    title = {{Campos Gravitacionales en la Materia}},
    author = {Herrera, L}
}

@article{Mueller2009,
    title = {{Catalogue of Spacetimes}},
    year = {2009},
    author = {Mueller, Thomas and Grave, Frank},
    url = {http://arxiv.org/abs/0904.4184},
    arxivId = {0904.4184}
}

@phdthesis{Becerra2013,
    title = {{Colapso lento de configuraciones esf{\'{e}}ricamente sim{\'{e}}tricas, no-locales y anis{\'{o}}tropas en Relatividad General}},
    year = {2013},
    author = {Becerra, Laura}
}

@article{Jackson2005,
    title = {{Compact objects for everyone: I. White dwarf stars}},
    year = {2005},
    journal = {European Journal of Physics},
    author = {Jackson, C. B. and Taruna, J. and Pouliot, S. L. and Ellison, B. W. and Lee, D. D. and Piekarewicz, J.},
    number = {5},
    pages = {695--709},
    volume = {26},
    doi = {10.1088/0143-0807/26/5/003},
    issn = {01430807},
    arxivId = {arXiv:astro-ph/0409348v2},
    archivePrefix = {arXiv},
    eprint = {0409348v2},
    primaryClass = {astro-ph}
}

@book{Glendenning2000,
    title = {{Compact Stars}},
    year = {2000},
    author = {Glendenning, Norman},
    edition = {2},
    pages = {468},
    publisher = {Springer-Verlag New York}
}

@article{Markakis2017,
    title = {{Conservation laws and evolution schemes in geodesic, hydrodynamic, and magnetohydrodynamic flows}},
    year = {2017},
    journal = {Physical Review D},
    author = {Markakis, Charalampos and Uryu, Koji and Gourgoulhon, Eric and Nicolas, Jean Philippe and Andersson, Nils and Pouri, Athina and Witzany, Vojtěch},
    number = {6},
    pages = {1--26},
    volume = {96},
    doi = {10.1103/PhysRevD.96.064019},
    issn = {24700029},
    arxivId = {1612.09308}
}

@article{Takami2014,
    title = {{Constraining the Equation of State of Neutron Stars from Binary Mergers}},
    year = {2014},
    journal = {PHYSICAL REVIEW LETTERS},
    author = {Takami, Kentaro and Luciano, Rezzolla and Luca, Baiotti},
    isbn = {1070-9878},
    doi = {10.1109/TDEI.2009.5211872},
    issn = {10709878},
    pmid = {24335434},
    arxivId = {NIHMS150003}
}

@article{Takami2015,
    title = {{Constraining the equation of state of neutron stars from binary mergers}},
    year = {2015},
    journal = {Journal of Physics: Conference Series},
    author = {Takami, Kentaro and Rezzolla, Luciano and Baiotti, Luca},
    number = {1},
    pages = {1--5},
    volume = {600},
    isbn = {9783319200453},
    doi = {10.1088/1742-6596/600/1/012056},
    issn = {17426596},
    pmid = {25215972},
    arxivId = {1403.5672}
}

@article{Read2009,
    title = {{Constraints on a phenomenologically parametrized neutron-star equation of state}},
    year = {2009},
    journal = {Physical Review D - Particles, Fields, Gravitation and Cosmology},
    author = {Read, Jocelyn S. and Lackey, Benjamin D. and Owen, Benjamin J. and Friedman, John L.},
    number = {12},
    pages = {1--20},
    volume = {79},
    doi = {10.1103/PhysRevD.79.124032},
    issn = {15507998},
    pmid = {26275007},
    arxivId = {0812.2163}
}

@article{Hernandez2018,
    title = {{Convection and cracking stability of spheres in General Relativity}},
    year = {2018},
    author = {Hern{\'{a}}ndez, Héctor and N{\'{u}}{\~{n}}ez, Luis A. and V{\'{a}}squez-Ram{\'{i}}rez, Adriana},
    number = {1},
    volume = {3},
    url = {http://arxiv.org/abs/1808.10526},
    arxivId = {1808.10526}
}

@article{Negreiros2012,
    title = {{Cooling of young neutron stars in GRB associated to supernovae}},
    year = {2012},
    journal = {Astronomy {\&} Astrophysics},
    author = {Negreiros, R. and Ruffini, R. and Bianco, C. L. and Rueda, J. A.},
    pages = {A12},
    volume = {540},
    url = {http://www.aanda.org/10.1051/0004-6361/201117006},
    doi = {10.1051/0004-6361/201117006},
    issn = {0004-6361},
    arxivId = {1112.3462},
    keywords = {gamma-ray burst, general, neutron, stars, supernovae}
}

@article{Hogg,
    title = {{Data analysis recipes: Fitting a model to data}},
    author = {Hogg, David W and Bovy, Jo and Lang, Dustin},
    arxivId = {arXiv:1008.4686v1}
}

@techreport{Ramosc,
    title = {{Derivadas de Lie, isometr{\'{i}}as y vectores de Killing}},
    author = {Ramos, David}
}

@article{Campisi2009,
    title = {{Derivation of Boltzmann Principle}},
    year = {2009},
    author = {Campisi, Michele and Kobe, Donald H.},
    number = {June},
    pages = {608--615},
    url = {http://arxiv.org/abs/0911.2070%0Ahttp://dx.doi.org/10.1119/1.3298372},
    isbn = {0002-9505},
    doi = {10.1119/1.3298372},
    issn = {0002-9505},
    arxivId = {0911.2070}
}

@article{Gerlich1973,
    title = {{Die verallgemeinerte Liouville-Gleichung}},
    year = {1973},
    journal = {Physica},
    author = {Gerlich, G.},
    number = {2},
    pages = {458--466},
    volume = {69},
    doi = {10.1016/0031-8914(73)90083-9},
    issn = {00318914}
}

@article{Vasconcellos2014,
    title = {{Effective field theory for neutron stars with genuine many-body forces}},
    year = {2014},
    journal = {Astronomische Nachrichten},
    author = {Vasconcellos, C. A Z and Gomes, R. O. and Dexheimer, V. and Negreiros, R. P. and Horvath, J. and Hadjimichef, D.},
    number = {6-7},
    pages = {763--768},
    volume = {335},
    doi = {10.1002/asna.201412106},
    issn = {15213994},
    arxivId = {astro-ph.SR/1402.5624},
    keywords = {Dense matter, Elementary particles, Equation of state, Stars: neutron}
}

@misc{Ramos,
    title = {{Ejercicio 7.5 Schutz}},
    author = {Ramos, David}
}

@article{Oertel2017,
    title = {{Equations of state for supernovae and compact stars}},
    year = {2017},
    author = {Oertel, M and Hempel, M}
}

@article{Janka2012,
    title = {{Explosion Mechanisms of Core-Collapse Supernovae}},
    year = {2012},
    journal = {Annual Review of Nuclear and Particle Science},
    author = {Janka, H. -Thomas},
    pages = {1--35},
    url = {http://arxiv.org/abs/1206.2503%0A},
    isbn = {978-0-8243-1562-7},
    doi = {10.1146/annurev-nucl-102711-094901},
    issn = {0163-8998},
    arxivId = {1206.2503},
    keywords = {black holes, hydrodynamics, magnetic fields, massive stars, neutrinos, neutron stars}
}

@article{Wilcox1967,
    title = {{Exponential operators and parameter differentiation in quantum physics}},
    year = {1967},
    journal = {Journal of Mathematical Physics},
    author = {Wilcox, R. M.},
    number = {4},
    pages = {962--982},
    volume = {8},
    isbn = {00222488},
    doi = {10.1063/1.1705306},
    issn = {00222488}
}

@article{Cipolletta2015,
    title = {{Fast rotating neutron stars with realistic nuclear matter equation of state}},
    year = {2015},
    journal = {Physical Review D - Particles, Fields, Gravitation and Cosmology},
    author = {Cipolletta, F. and Cherubini, C. and Filippi, S. and Rueda, J. A. and Ruffini, R.},
    number = {2},
    pages = {1--14},
    volume = {92},
    doi = {10.1103/PhysRevD.92.023007},
    issn = {15502368},
    arxivId = {1506.05926},
    keywords = {2, 3, classified according to, equations of state of, from the classic point-like, magneto-dipole rotating model, neutron-star matter, nss have been traditionally, numerical relativity, relativistic stars, stellar rotation, the energy source powering, the thought nature of, their}
}

@techreport{Ramosb,
    title = {{F{\'{i}}sica en un espacio-tiempo curvo}},
    author = {Ramos, David}
}

@article{Haar1955,
    title = {{Foundations of Statistical Mechanics}},
    year = {1955},
    journal = {REVIEWS OF MODERN PH YSICS},
    author = {Haar, D Ter},
    number = {3},
    volume = {27}
}

@article{Graham2015,
    title = {{Galaxy bulges and their massive black holes: A review}},
    year = {2015},
    journal = {Galactic Bulges},
    author = {Graham, Alister W.},
    number = {2005},
    pages = {263--313},
    volume = {418},
    isbn = {9783319193786},
    doi = {10.1007/978-3-319-19378-6{\_}11},
    arxivId = {1501.02937}
}

@article{Rovelli2012,
    title = {{General relativistic statistical mechanics}},
    year = {2012},
    author = {Rovelli, Carlo},
    url = {http://arxiv.org/abs/1209.0065%0Ahttp://dx.doi.org/10.1103/PhysRevD.87.084055},
    doi = {10.1103/PhysRevD.87.084055},
    arxivId = {1209.0065}
}

@book{Weinberg1972,
    title = {{Gravitation and Cosmology}},
    year = {1972},
    author = {Weinberg, Steven},
    publisher = {John Wiley and Sons}
}

@article{Kratter2016,
    title = {{Gravitational Instabilities in Circumstellar Disks}},
    year = {2016},
    author = {Kratter, Kaitlin M. and Lodato, Giuseppe},
    url = {http://arxiv.org/abs/1603.01280%0Ahttp://dx.doi.org/10.1146/annurev-astro-081915-023307},
    isbn = {1545-1593 (Electronic){\textbackslash}r0066-426X (Linking)},
    doi = {10.1146/annurev-astro-081915-023307},
    issn = {0066-4146},
    pmid = {26905656},
    arxivId = {1603.01280},
    keywords = {accretion disks, hydrodynamics, star and planet formation}
}

@article{Jonsson2007,
    title = {{Gyroscope precession in special and general relativity from basic principles}},
    year = {2007},
    author = {Jonsson, Rickard},
    number = {2007},
    volume = {463},
    url = {http://arxiv.org/abs/0708.2490%0Ahttp://dx.doi.org/10.1119/1.2719202},
    doi = {10.1119/1.2719202},
    issn = {00029505},
    arxivId = {0708.2490}
}

@article{Singh2011,
    title = {{How and why does statistical mechanics work}},
    year = {2011},
    author = {Singh, Navinder},
    url = {http://arxiv.org/abs/1103.4003},
    isbn = {1103.4003},
    arxivId = {1103.4003}
}

@article{Swendsen2011,
    title = {{How physicists disagree on the meaning of entropy}},
    year = {2011},
    journal = {American Journal of Physics},
    author = {Swendsen, Robert H.},
    number = {4},
    pages = {342--348},
    volume = {79},
    url = {http://aapt.scitation.org/doi/10.1119/1.3536633},
    isbn = {0002-9505},
    doi = {10.1119/1.3536633},
    issn = {0002-9505}
}

@article{Scilla2016,
    title = {{Introduction to stellar evolution}},
    year = {2016},
    journal = {Journal of Physics: Conference Series},
    author = {Scilla, Degl’Innocenti},
    pages = {012002},
    volume = {703},
    doi = {10.1088/1742-6596/703/1/012002},
    issn = {1742-6588}
}

@article{Bonnor1982,
    title = {{Junction conditions in general relativity}},
    year = {1982},
    author = {Bonnor, W. B. and Vickers, P. A.},
    number = {l},
    pages = {29--36},
    volume = {1785}
}

@article{Schiffer1973,
    title = {{Kerr geometry as complexified Schwarzschild geometry}},
    year = {1973},
    journal = {Journal of Mathematical Physics},
    author = {Schiffer, Menahem M. and Adler, Ronald J. and Mark, James and Sheffield, Charles},
    number = {1},
    pages = {52--56},
    volume = {14},
    doi = {10.1063/1.1666171},
    issn = {00222488}
}

@article{Herrera1997a,
    title = {{Local anisotropy in self-gravitating systems}},
    year = {1997},
    journal = {Physics Reports},
    author = {Herrera, L},
    number = {2},
    pages = {53--130},
    volume = {286},
    doi = {10.1016/S0370-1573(96)00042-7},
    issn = {03701573}
}

@article{Ozel2016,
    title = {{Masses, Radii, and the Equation of State of Neutron Stars}},
    year = {2016},
    journal = {Annual Review of Astronomy and Astrophysics},
    author = {{\"{O}}zel, Feryal and Freire, Paulo},
    number = {1},
    pages = {401--440},
    volume = {54},
    url = {http://www.annualreviews.org/doi/10.1146/annurev-astro-081915-023322},
    isbn = {1545-1593 (Electronic) 0066-426X (Linking)},
    doi = {10.1146/annurev-astro-081915-023322},
    issn = {0066-4146},
    pmid = {26980309},
    arxivId = {1603.02698},
    keywords = {dense matter, neutron stars, pulsar timing, pulsars, x-ray sources}
}

@article{Lattimer2007,
    title = {{Neutron star observations: Prognosis for equation of state constraints}},
    year = {2007},
    journal = {Physics Reports},
    author = {Lattimer, James M. and Prakash, Madappa},
    number = {1-6},
    pages = {109--165},
    volume = {442},
    isbn = {0370-1573},
    doi = {10.1016/j.physrep.2007.02.003},
    issn = {03701573},
    arxivId = {astro-ph/0612440},
    keywords = {Equation of state of dense matter, Neutron stars, Observations, Structure}
}

@article{Lattimer2000,
    title = {{Neutron Star Structure and the Equation of State}},
    year = {2000},
    author = {Lattimer, J. M. and Prakash, M.},
    url = {http://arxiv.org/abs/astro-ph/0002232%0Ahttp://dx.doi.org/10.1086/319702},
    isbn = {0370-1573},
    doi = {10.1086/319702},
    issn = {0004-637X},
    pmid = {15105490},
    arxivId = {astro-ph/0002232}
}

@article{Glendenning1985,
    title = {{Neutron Stars are Giant Hypernuclei?}},
    year = {1985},
    journal = {Astrophysical Journal},
    author = {Glendenning, Norman},
    pages = {470--493},
    volume = {293}
}

@article{Silbar2003,
    title = {{Neutron Stars for Undergraduates}},
    year = {2003},
    author = {Silbar, Richard R. and Reddy, Sanjay},
    number = {2004},
    pages = {892--905},
    volume = {892},
    url = {http://arxiv.org/abs/nucl-th/0309041%0Ahttp://dx.doi.org/10.1119/1.1703544},
    isbn = {0002-9505},
    doi = {10.1119/1.1703544},
    issn = {0002-9505},
    arxivId = {nucl-th/0309041}
}

@misc{Kokkotas2017,
    title = {{Neutron Stars: Structure {\&} Equation of State}},
    year = {2017},
    author = {Kokkotas, Kostas}
}

@article{Sergi2003,
    title = {{Non-Hamiltonian equilibrium statistical mechanics}},
    year = {2003},
    journal = {Physical Review E - Statistical Physics, Plasmas, Fluids, and Related Interdisciplinary Topics},
    author = {Sergi, Alessandro},
    number = {2},
    pages = {7},
    volume = {67},
    isbn = {1063-651X},
    doi = {10.1103/PhysRevE.67.021101},
    issn = {1063651X},
    pmid = {12636647}
}

@article{Hernandez1999,
    title = {{Non-local equation of state in general relativistic radiating spheres}},
    year = {1999},
    journal = {Classical and Quantum Gravity},
    author = {Hern{\'{a}}ndez, H. and N{\'{u}}{\~{n}}ez, L. A. and Percoco, U.},
    number = {3},
    pages = {871--896},
    volume = {16},
    doi = {10.1088/0264-9381/16/3/017},
    issn = {02649381},
    arxivId = {arXiv:gr-qc/9806029v1},
    archivePrefix = {arXiv},
    eprint = {9806029v1},
    primaryClass = {gr-qc}
}

@article{Hernandez2001,
    title = {{Nonlocal Equation of State in Anisotropic Static Fluid Spheres in General Relativity}},
    year = {2001},
    author = {Hernandez, H. and Nunez, L. A.},
    number = {March},
    url = {http://arxiv.org/abs/gr-qc/0107025%0Ahttp://dx.doi.org/10.1139/p03-124},
    doi = {10.1139/p03-124},
    arxivId = {gr-qc/0107025}
}

@article{Israel+1976,
    title = {{Nonstationary Irreversible Thermodynamics: A Causal Relativistic Theory*}},
    year = {1976},
    journal = {ANNALSOFPl-NSICS},
    author = {Israel+, Werner},
    pages = {310--331},
    volume = {100}
}

@article{Blaizot1980,
    title = {{Nuclear compressibilities}},
    year = {1980},
    journal = {Physics Reports},
    author = {Blaizot, J. P.},
    number = {4},
    pages = {171--248},
    volume = {64},
    isbn = {0370-1573},
    doi = {10.1016/0370-1573(80)90001-0},
    issn = {03701573}
}

@article{Yeunhwan2016,
    title = {{Nuclear Equation of State and the Structure of Neutron Stars}},
    year = {2016},
    author = {Yeunhwan, Lim and Taehyun, Kim and Yongseok, Oh}
}

@article{Torres-Vega1991,
    title = {{Numerical method for the propagation of quantum-mechanical wave functions in phase space}},
    year = {1991},
    journal = {Physical Review Letters},
    author = {Torres-Vega, Go and Frederick, John H.},
    number = {19},
    pages = {2601--2604},
    volume = {67},
    doi = {10.1103/PhysRevLett.67.2601},
    issn = {00319007}
}

@article{Hewish1968,
    title = {{Observation of a Rapidly Pulsating Radio Source}},
    year = {1968},
    journal = {Nature},
    author = {Hewish, A. and Bell, S. J. and Pilkington, J. D. H. and Scott, P. F. and Collins, R. A.},
    pages = {709 - 713},
    volume = {217}
}

@article{Oppenheimer1999,
    title = {{On Massive Neutron Cores}},
    year = {1999},
    journal = {Investigative Ophthalmology and Visual Science},
    author = {Oppenheimer, J. R. and Volkoff, G. M.},
    number = {2},
    pages = {312--319},
    volume = {40},
    doi = {10.1103/PhysRev.55.374},
    issn = {0031899X},
    pmid = {9950588},
    arxivId = {arXiv:astro-ph/0002232v1},
    archivePrefix = {arXiv},
    eprint = {0002232v1},
    primaryClass = {astro-ph}
}

@article{Tolman1930,
    title = {{On the use of the entropy principle in general relativity}},
    year = {1930},
    journal = {Physical Review},
    author = {Tolman, Richard C.},
    number = {8},
    pages = {896--903},
    volume = {35},
    doi = {10.1103/PhysRev.35.896},
    issn = {0031899X}
}

@article{Kasen2017,
    title = {{Origin of the heavy elements in binary neutron-star mergers from a gravitational-wave event}},
    year = {2017},
    journal = {Nature},
    author = {Kasen, Daniel and Metzger, Brian and Barnes, Jennifer and Quataert, Eliot and Ramirez-Ruiz, Enrico},
    number = {7678},
    pages = {80--84},
    volume = {551},
    publisher = {Nature Publishing Group},
    url = {http://dx.doi.org/10.1038/nature24453},
    doi = {10.1038/nature24453},
    issn = {14764687},
    arxivId = {1710.05463}
}

@article{Chamel2008,
    title = {{Physics of Neutron Star Crusts}},
    year = {2008},
    journal = {Living Reviews in Relativity},
    author = {Chamel, Nicolas and Haensel, Pawel},
    number = {1},
    month = {12},
    pages = {10},
    volume = {11},
    url = {http://arxiv.org/abs/0812.3955},
    doi = {10.12942/lrr-2008-10},
    issn = {1433-8351},
    arxivId = {0812.3955},
    keywords = {astrophysics, magnetars, neutron stars, pulsars, s}
}

@misc{Mao,
    title = {{Physics of Stellar Structure (and Evolution)}},
    author = {Mao, Shude},
    url = {http://www.jb.man.ac.uk/~smao/star.html}
}

@unpublished{Becerra2014,
    title = {{Quasi-static thermal evolution of compact objects}},
    year = {2014},
    author = {Becerra, Laura and Hern{\'{a}}ndez, Hector and Nu{\~{n}}ez, Luis},
    pages = {22}
}

@article{Herrera2002,
    title = {{Relativistic gravitational collapse in noncomoving coordinates: The post-quasistatic approximation}},
    year = {2002},
    journal = {Physical Review D - Particles, Fields, Gravitation and Cosmology},
    author = {Herrera, L. and Barreto, W. and Di Prisco, A. and Santos, N. O.},
    number = {10},
    pages = {15},
    volume = {65},
    doi = {10.1103/PhysRevD.65.104004},
    issn = {15502368},
    arxivId = {arXiv:gr-qc/0202051v1},
    archivePrefix = {arXiv},
    eprint = {0202051v1},
    primaryClass = {gr-qc}
}

@article{Ring1996,
    title = {{Relativistic mean field theory in finite nuclei}},
    year = {1996},
    journal = {Progress in Particle and Nuclear Physics},
    author = {Ring, P.},
    pages = {193--263},
    volume = {37},
    url = {http://linkinghub.elsevier.com/retrieve/pii/0146641096000543},
    isbn = {0146-6410},
    doi = {10.1016/0146-6410(96)00054-3},
    issn = {01466410}
}

@article{Netzer2015,
    title = {{Revisiting the Unified Model of Active Galactic Nuclei}},
    year = {2015},
    author = {Netzer, Hagai},
    number = {June},
    pages = {365--408},
    url = {http://arxiv.org/abs/1505.00811%0Ahttp://dx.doi.org/10.1146/annurev-astro-082214-122302},
    doi = {10.1146/annurev-astro-082214-122302},
    issn = {0066-4146},
    arxivId = {1505.00811},
    keywords = {accretion disks, active galaxies, agn surveys, black holes, central torus, formation, interferometry, mergers, star, unification}
}

@article{Haensel2016,
    title = {{Rotating neutron stars with exotic cores: masses, radii, stability}},
    year = {2016},
    journal = {European Physical Journal A},
    author = {Haensel, P. and Bejger, M. and Fortin, M. and Zdunik, L.},
    number = {3},
    volume = {52},
    isbn = {2016160594},
    doi = {10.1140/epja/i2016-16059-4},
    issn = {1434601X},
    arxivId = {1601.05368}
}

@article{Paschalidis2017,
    title = {{Rotating stars in relativity}},
    year = {2017},
    journal = {Living Reviews in Relativity},
    author = {Paschalidis, Vasileios and Stergioulas, Nikolaos},
    number = {1},
    volume = {20},
    publisher = {Springer International Publishing},
    url = {https://doi.org/10.1007/s41114-017-0008-x},
    doi = {10.1007/s41114-017-0008-x},
    issn = {14338351},
    arxivId = {1612.03050},
    keywords = {Magnetic fields, Numerical relativity, Oscillations, Relativistic stars, Rotation, Stability}
}

@article{LeDelliou2013,
    title = {{Separating expansion and collapse in general fluid models with heat flux}},
    year = {2013},
    journal = {Physical Review D - Particles, Fields, Gravitation and Cosmology},
    author = {Le Delliou, Morgan and Mimoso, José P. and Mena, Filipe C. and Fontanini, Michele and Guariento, Daniel C. and Abdalla, Elcio},
    number = {2},
    pages = {1--5},
    volume = {88},
    doi = {10.1103/PhysRevD.88.027301},
    issn = {15507998},
    arxivId = {1305.3475}
}

@article{Silva2014,
    title = {{Slowly Rotating Anisotropic Neutron Stars in General Relativity and Scalar-Tensor Theory}},
    year = {2014},
    author = {Silva, Hector O. and Macedo, Caio F. B. and Berti, Emanuele and Crispino, Luís C. B.},
    pages = {1--19},
    url = {http://arxiv.org/abs/1411.6286},
    arxivId = {1411.6286}
}

@article{Bohmer2015,
    title = {{Slowly rotating perfect fluids with a cosmological constant}},
    year = {2015},
    journal = {General Relativity and Gravitation},
    author = {B{\"{o}}hmer, Christian G. and Wright, Matthew},
    number = {12},
    pages = {1--21},
    volume = {47},
    doi = {10.1007/s10714-015-1982-5},
    issn = {15729532},
    arxivId = {arXiv:1411.5486v1},
    keywords = {Cosmological constant, Hartle???s formalism, Slow rotation}
}

@article{Hartle1967,
    title = {{Slowly Rotating Relativistic Stars. I. Equations of Structure}},
    year = {1967},
    journal = {Astrophysical Journal},
    author = {Hartle, James B.},
    number = {December},
    pages = {p.1005},
    volume = {150}
}

@article{Hartle1968,
    title = {{Slowly Rotating Relativistic Stars. II. Models for Neutron Stars and Supermassive Stars}},
    year = {1968},
    journal = {Astrophysical Journal},
    author = {Hartle, James B. and Thorne, Kip S.},
    number = {September},
    pages = {p.807},
    volume = {153}
}

@techreport{Ramosa,
    title = {{Soluciones esf{\'{e}}ricas para estrellas}},
    author = {Ramos, David}
}

@article{Feit1982,
    title = {{Solution of the Schroedinger equation by a spectral method}},
    year = {1982},
    journal = {Journal of Computational Physics},
    author = {Feit, M. D. and Fleck, J. A. and Steiger, A.},
    number = {3},
    pages = {412--433},
    volume = {47},
    isbn = {0021-9991},
    doi = {10.1016/0021-9991(82)90091-2},
    issn = {10902716}
}

@article{Kassner2012,
    title = {{Spatial geometry of the rotating disk and its non-rotating counterpart}},
    year = {2012},
    journal = {American Journal of Physics},
    author = {Kassner, Klaus},
    number = {9},
    pages = {772--781},
    volume = {80},
    url = {http://aapt.scitation.org/doi/10.1119/1.4730925},
    doi = {10.1119/1.4730925},
    issn = {0002-9505},
    arxivId = {1109.2488}
}

@article{Herrera2004,
    title = {{Spherically symmetric dissipative anisotropic fluids: A general study}},
    year = {2004},
    journal = {Physical Review D - Particles, Fields, Gravitation and Cosmology},
    author = {Herrera, L. and Prisco, A. and Martin, J. and Ospino, J. and Santos, N. O. and Troconis, O.},
    number = {8},
    pages = {12},
    volume = {69},
    doi = {10.1103/PhysRevD.69.084026},
    issn = {15502368},
    arxivId = {gr-qc/0403006}
}

@article{Mimoso2011,
    title = {{Spherically symmetric models: Separating expansion from contraction in models with anisotropic pressures}},
    year = {2011},
    journal = {AIP Conference Proceedings},
    author = {Mimoso, José P. and Le Delliou, Morgan and Mena, Filipe C.},
    pages = {487--490},
    volume = {1458},
    isbn = {9780735410602},
    doi = {10.1063/1.4734466},
    issn = {0094243X},
    arxivId = {1302.6186},
    keywords = {Expanding Universe, Lema{\^{i}}tre-Tolman-Bondi, Spherical Collapse, Structure Formation}
}

@article{Hermann1988,
    title = {{Split-operator spectral method for solving the time-dependent Schrodinger equation in spherical coordinates}},
    year = {1988},
    journal = {Physical Review A},
    author = {Hermann, Mark R. and Fleck, J. A.},
    number = {12},
    pages = {6000--6012},
    volume = {38},
    doi = {10.1103/PhysRevA.38.6000},
    issn = {10502947},
    pmid = {9900354}
}

@article{Dattoli1995,
    title = {{Split-operator technique and solution of Liouville propagation equations}},
    year = {1995},
    journal = {Physical Review E - Statistical Physics, Plasmas, Fluids, and Related Interdisciplinary Topics},
    author = {Dattoli, G. and Gianessi, L. and Ottaviani, P. L. and Torre, A.}
}

@article{Balian1999,
    title = {{Stars and statistical physics: a teaching experience}},
    year = {1999},
    author = {Balian, R. and Blaizot, J. -P.},
    url = {http://arxiv.org/abs/cond-mat/9909291%0Ahttp://dx.doi.org/10.1119/1.19105},
    doi = {10.1119/1.19105},
    issn = {00029505},
    arxivId = {cond-mat/9909291}
}

@article{Tolman1939,
    title = {{Static solution of Einstein's field, equation for spheres of fluid}},
    year = {1939},
    journal = {Phys. Rev. D},
    author = {Tolman, R C},
    pages = {364--373},
    volume = {55},
    doi = {10.1103/PhysRev.55.364},
    issn = {0031-899X}
}

@article{Tarasov2005,
    title = {{Stationary solutions of Liouville equations for non-Hamiltonian systems}},
    year = {2005},
    journal = {Annals of Physics},
    author = {Tarasov, Vasily E.},
    number = {2},
    pages = {393--413},
    volume = {316},
    doi = {10.1016/j.aop.2004.11.001},
    issn = {00034916},
    arxivId = {cond-mat/0602409},
    keywords = {Canonical distribution, Liouville equation, Non-Hamiltonian systems}
}

@article{Alexander2017,
    title = {{Stellar Dynamics and Stellar Phenomena Near a Massive Black Hole}},
    year = {2017},
    journal = {Annual Review of Astronomy and Astrophysics},
    author = {Alexander, Tal},
    number = {1},
    pages = {17--57},
    volume = {55},
    url = {http://www.annualreviews.org/doi/10.1146/annurev-astro-091916-055306},
    isbn = {1545-1593 (Electronic){\textbackslash}r0066-426X (Linking)},
    doi = {10.1146/annurev-astro-091916-055306},
    issn = {0066-4146},
    pmid = {26980309},
    arxivId = {1507.05135},
    keywords = {55gravitational, galactic center, galactic dynamics, stellar kinematics, tidal disruption, waves}
}

@article{Weber2012,
    title = {{Structure of quark stars}},
    year = {2012},
    journal = {Proceedings of the International Astronomical Union},
    author = {Weber, Fridolin and Orsaria, Milva and Rodrigues, Hilario and Yang, Shu Hua},
    number = {S291},
    pages = {61--66},
    volume = {8},
    isbn = {9781107033801},
    doi = {10.1017/S1743921312023174},
    issn = {17439213},
    pmid = {16316131},
    arxivId = {1210.1910},
    keywords = {equation of state, neutron stars, pulsars, quark stars, strange quark matter}
}

@article{Dattoli1996,
    title = {{Symmetric-split-operator techniques and finite-difference methods for the solution of classical and quantum evolution problems}},
    year = {1996},
    journal = {Nuovo Cimento della Societa Italiana di Fisica B},
    author = {Dattoli, G. and Ottaviani, P. L. and Segreto, A. and Torre, A.},
    number = {7},
    pages = {825--839},
    volume = {111},
    doi = {10.1007/BF02749014},
    issn = {03693554}
}

@article{Gourgoulhon2015,
    title = {{Tensor calculus with open-source software: The SageManifolds project}},
    year = {2015},
    journal = {Journal of Physics: Conference Series},
    author = {Gourgoulhon, Eric and Bejger, Michał and Mancini, Marco},
    number = {1},
    volume = {600},
    doi = {10.1088/1742-6596/600/1/012002},
    issn = {17426596},
    arxivId = {1412.4765}
}

@article{Herrera1982,
    title = {{The complexification of a nonrotating sphere: An extension of the Newman--Janis algorithm}},
    year = {1982},
    journal = {Journal of Mathematical Physics},
    author = {Herrera, L and Jim{\'{e}}nez, J},
    number = {1982},
    pages = {2339},
    volume = {23},
    doi = {10.1063/1.525325},
    issn = {00222488}
}

@article{Bondi1964,
    title = {{The Contraction of Gravitating Spheres}},
    year = {1964},
    author = {Bondi, H},
    pages = {39--48},
    doi = {10.1098/rspa.1964.0167}
}

@article{Naoz2016,
    title = {{The Eccentric Kozai-Lidov Effect and Its Applications}},
    year = {2016},
    author = {Naoz, Smadar},
    url = {http://arxiv.org/abs/1601.07175%0Ahttp://dx.doi.org/10.1146/annurev-astro-081915-023315},
    isbn = {0066-4146 1545-4282},
    doi = {10.1146/annurev-astro-081915-023315},
    issn = {0066-4146},
    arxivId = {1601.07175},
    keywords = {binaries, black holes, dynamics, exoplanets, stellar systems, triples}
}

@article{Pimentel2016,
    title = {{The Energy-Momentum Tensor for a Dissipative Fluid in General Relativity}},
    year = {2016},
    author = {Pimentel, Oscar M and Lora-Clavijo, F D and Gonz{\'{a}}lez, Guillermo A},
    url = {https://arxiv.org/pdf/1604.01318.pdf},
    arxivId = {arXiv:1604.01318v2},
    keywords = {()}
}

@article{Lattimer2015,
    title = {{The Equation of State of Hot, Dense Matter and Neutron Stars}},
    year = {2015},
    author = {Lattimer, James M. and Prakash, M.},
    pages = {1--87},
    url = {http://arxiv.org/abs/1512.07820%0Ahttp://dx.doi.org/10.1016/j.physrep.2015.12.005},
    doi = {10.1016/j.physrep.2015.12.005},
    arxivId = {1512.07820},
    keywords = {dense matter, dense matter in equilibrium, dense matter off-equilibrium, equation of state of, heavy-ions, neutron stars, thermal effects}
}

@article{Alcain2017,
    title = {{The neutrino opacity of neutron rich matter}},
    year = {2017},
    journal = {Nuclear Physics A},
    author = {Alcain, P. N. and Dorso, C. O.},
    pages = {183--199},
    volume = {961},
    publisher = {Elsevier B.V.},
    url = {http://dx.doi.org/10.1016/j.nuclphysa.2017.02.011},
    doi = {10.1016/j.nuclphysa.2017.02.011},
    issn = {03759474},
    keywords = {Neutrino opacity, Neutron rich matter, Nuclear equation of state}
}

@article{Lattimer2013,
    title = {{The Nuclear Equation of State and Neutron Star Masses}},
    year = {2013},
    author = {Lattimer, James M.},
    url = {http://arxiv.org/abs/1305.3510%0Ahttp://dx.doi.org/10.1146/annurev-nucl-102711-095018},
    isbn = {978-0-8243-1562-7},
    doi = {10.1146/annurev-nucl-102711-095018},
    issn = {0163-8998},
    arxivId = {1305.3510},
    keywords = {dense matter equation of, neutron stars, nuclear symmetry energy, state}
}

@inproceedings{Piekarewicz2013,
    title = {{The Nuclear Physics of Neutron Stars}},
    year = {2013},
    booktitle = {AIP Conference Proceedings},
    author = {Piekarewicz, J.},
    url = {https://arxiv.org/abs/1311.7046},
    doi = {10.1063/1.4875293},
    arxivId = {1311.7046},
    keywords = {-c, 21, 26, 60, 65, asymmetric nuclear matter, cd, jz, kp, neutron densities, neutron stars, pacs}
}

@article{Woosley2005,
    title = {{The Physics of Core-Collapse Supernovae}},
    year = {2005},
    journal = {Nature Physics},
    author = {Woosley, Stan and Janka, Thomas},
    pages = {147--154},
    volume = {1},
    doi = {10.1038/nphys172},
    arxivId = {astro-ph/0601261}
}

@article{Lattimer2004,
    title = {{The Physics of Neutron Stars}},
    year = {2004},
    journal = {Science},
    author = {Lattimer, J. M. and Prakash, M.},
    number = {5670},
    pages = {536--542},
    volume = {304},
    url = {https://arxiv.org/abs/astro-ph/0405262},
    isbn = {0370-1573},
    doi = {10.1126/science.1090720},
    issn = {00368075},
    pmid = {15105490},
    arxivId = {astro-ph/0405262}
}

@article{Potekhin,
    title = {{The physics of neutron stars}},
    year = {2010},
    journal = {Physics Uspekhi},
    author = {Potekhin, Alexander Y.},
    number = {12},
    pages = {1235--1256},
    volume = {53},
    doi = {10.3367/UFNe.0180.201012c.1279},
    arxivId = {1102.5735}
}

@article{Gron2007,
    title = {{The Principle of Relativity and Inertial Dragging}},
    year = {2007},
    author = {Gron, Oyvind G.},
    number = {August 2007},
    pages = {17},
    volume = {373},
    url = {http://arxiv.org/abs/0708.0457},
    doi = {10.1119/1.2996480},
    issn = {00029505},
    arxivId = {0708.0457}
}

@article{Herrera1999,
    title = {{The relativistic transformation to rotating frames}},
    year = {1999},
    journal = {arXiv preprint gr-qc/9911015},
    author = {Herrera, L},
    pages = {1--16},
    url = {http://arxiv.org/pdf/gr-qc/9911015},
    arxivId = {arXiv:gr-qc/9911015v1},
    archivePrefix = {arXiv},
    eprint = {9911015v1},
    primaryClass = {gr-qc}
}

@article{Chaves2016,
    title = {{The split-operator technique for the study of spino- rial wavepacket dynamics}},
    year = {2016},
    author = {Chaves, A and Farias, G A and Peeters, F M and Ferreira, R},
    pages = {1--19},
    doi = {10.4208/cicp.110914.281014a},
    issn = {1815-2406},
    arxivId = {arXiv:1601.00548v1},
    keywords = {graphene, semiconductor heterostruc-, spin-orbit coupling, wave packet propagation}
}

@article{OConnell2010,
    title = {{The Wigner Distribution}},
    year = {2010},
    author = {O'Connell, R. F.},
    number = {5},
    pages = {2--3},
    url = {http://arxiv.org/abs/1009.4431},
    arxivId = {1009.4431}
}

@book{Padmanabhan2000,
    title = {{Theoretical Astrophysics Vol. II}},
    year = {2000},
    author = {Padmanabhan, T},
    publisher = {Cambridge University Press}
}

@article{Naab2016,
    title = {{Theoretical Challenges in Galaxy Formation}},
    year = {2016},
    author = {Naab, Thorsten and Ostriker, Jeremiah P.},
    number = {May},
    url = {http://arxiv.org/abs/1612.06891%0Ahttp://dx.doi.org/10.1146/annurev-astro-081913-040019},
    doi = {10.1146/annurev-astro-081913-040019},
    issn = {0066-4146},
    arxivId = {1612.06891},
    keywords = {cosmology, galaxy evolution, theoretical models}
}

@article{Haar2002,
    title = {{Theory and applications of the density matrix}},
    year = {2002},
    journal = {Reports on Progress in Physics},
    author = {Haar, D Ter},
    pages = {304--362},
    volume = {24},
    doi = {10.1088/0034-4885/24/1/307},
    issn = {00344885}
}

@article{Kremer2014,
    title = {{Theory and applications of the relativistic Boltzmann equation}},
    year = {2014},
    author = {Kremer, Gilberto M.},
    pages = {12},
    url = {http://arxiv.org/abs/1404.7083},
    doi = {10.1142/S0219887814600056},
    issn = {02198878},
    arxivId = {1404.7083}
}

@article{McKee2007,
    title = {{Theory of Star Formation}},
    year = {2007},
    author = {McKee, Christopher F. and Ostriker, Eve C.},
    pages = {565--688},
    url = {http://arxiv.org/abs/0707.3514%0Ahttp://dx.doi.org/10.1146/annurev.astro.45.051806.110602},
    isbn = {0066-4146},
    doi = {10.1146/annurev.astro.45.051806.110602},
    issn = {0066-4146},
    pmid = {15003161},
    arxivId = {0707.3514},
    keywords = {accretion, galaxies, giant molecular clouds, gravitational collapse, hii regions, initial mass function, interstellar medium, jets and, magnetohydrodynamics, outflows, protostars, star clusters}
}

@article{Page2012,
    title = {{Thermal and transport properties of the neutron star inner crust}},
    year = {2012},
    author = {Page, Dany and Reddy, Sanjay},
    pages = {1--27},
    url = {http://arxiv.org/abs/1201.5602},
    isbn = {9781620819029},
    arxivId = {1201.5602},
    keywords = {equation of state, neutron star crust, quantum fluids, thermal and transport}
}

@article{Herrera1998,
    title = {{Thermal conduction before relaxation in slowly rotating fluids}},
    year = {1998},
    journal = {Journal of Mathematical Physics},
    author = {Herrera, L. and Mart{\'{i}}nez, J.},
    number = {6},
    pages = {3260--3270},
    volume = {39},
    doi = {10.1063/1.532252},
    issn = {00222488}
}

@article{Tsuruta2009,
    title = {{Thermal evolution of hyperon-mixed neutron stars}},
    year = {2009},
    journal = {Astrophysical Journal},
    author = {Tsuruta, S. and Sadino, J. and Kobelski, A. and Teter, M. A. and Liebmann, A. C. and Takatsuka, T. and Nomoto, K. and Umeda, H.},
    number = {1},
    pages = {621--632},
    volume = {691},
    doi = {10.1088/0004-637X/691/1/621},
    issn = {15384357},
    keywords = {X-rays: stars, dense matter, stars: neutron}
}

@article{Herrera1997,
    title = {{Two effects in slowly evolving dissipative self-gravitating spheres}},
    year = {1997},
    journal = {Physical Review D - Particles, Fields, Gravitation and Cosmology},
    author = {Herrera, L. and Di Prisco, A.},
    number = {4},
    pages = {2044--2050},
    volume = {55},
    doi = {10.1103/PhysRevD.55.2044},
    issn = {15502368}
}

@article{Cook1995,
    title = {{Understanding the chemical potential}},
    year = {1995},
    journal = {American Journal of Physics American Journal of Physics American Journal of Physics American Journal of Physics American Journal of Physics American Journal of Physics American Journal of Physics},
    author = {Cook, G and Dickerson, R H},
    number = {67},
    pages = {415--1189},
    volume = {63},
    doi = {10.1119/1.19105}
}

@article{Boshkayev2016,
    title = {{Uniformly rotating neutron stars}},
    year = {2016},
    journal = {arXiv preprint},
    author = {Boshkayev, Kuantay},
    pages = {1--30},
    url = {http://arxiv.org/abs/1608.08207},
    arxivId = {1608.08207},
    keywords = {equations of state, mass-radius relation, neutron stars}
}

@article{Rezzolla2017,
    title = {{Using gravitational-wave observations and quasi-universal relations to constrain the maximum mass of neutron stars}},
    year = {2017},
    journal = {The Astrophysical Journal Letters},
    author = {Rezzolla, Luciano and Most, Elias R. and Weih, Lukas R.},
    number = {2},
    pages = {L25},
    volume = {852},
    publisher = {IOP Publishing},
    url = {http://arxiv.org/abs/1711.00314%0Ahttp://dx.doi.org/10.3847/2041-8213/aaa401},
    doi = {10.3847/2041-8213/aaa401},
    issn = {2041-8213},
    arxivId = {1711.00314},
    keywords = {analytical, equation of state, equation of state,gravitational waves,methods: ana, gravitational waves, methods, neutron, stars}
}

@article{5Presentations,
    title = {{5 Guidelines for Creating Presentations}},
    pages = {29--38}
}

@article{Ho2009ARemnant,
    title = {{A Neutron Star with a Carbon Atmosphere in the Cassiopeia A Supernova Remnant}},
    year = {2009},
    journal = {Nature},
    author = {Ho, Wynn C. G. and Heinke, Craig O.},
    number = {7269},
    month = {11},
    pages = {71--73},
    volume = {462},
    url = {http://arxiv.org/abs/0911.0672 http://dx.doi.org/10.1038/nature08525},
    doi = {10.1038/nature08525},
    issn = {00280836},
    pmid = {19890325},
    arxivId = {0911.0672}
}

@article{Datta1995AProfiles,
    title = {{A numerical survey of neutron star crustal density profiles}},
    year = {1995},
    journal = {Journal of Astrophysics and Astronomy},
    author = {Datta, B. and Thampan, A. V. and Bhattacharya, D.},
    number = {3-4},
    pages = {375--391},
    volume = {16},
    doi = {10.1007/BF02715610},
    issn = {02506335},
    keywords = {Stars: neutron, crusts: neutron star}
}

@article{Douchin2001AStructure,
    title = {{A unified equation of state of dense matter and neutron star structure}},
    year = {2001},
    journal = {Astronomy {\&} Astrophysics},
    author = {Douchin, F. and Haensel, Pawel},
    pages = {151--167},
    volume = {380},
    issn = {01851101},
    keywords = {Cataclysmic variables, Novae, Stars: general, Stars: individual: V767 Cyg}
}

@article{Alvarez-Salazar2018AboutEmission,
    title = {{About the influence of the density profile on neutron star cooling by neutrino emission}},
    year = {2018},
    journal = {Astroparticle Physics},
    author = {Alvarez-Salazar, C. E. and Quimbay, C. J.},
    pages = {67--73},
    volume = {103},
    publisher = {Elsevier B.V.},
    url = {https://doi.org/10.1016/j.astropartphys.2018.07.007},
    doi = {10.1016/j.astropartphys.2018.07.007},
    issn = {09276505},
    keywords = {Density profile, Equation of state, Neutrino cooling, Neutron star}
}

@misc{2004BoltzmannsPhysics,
    title = {{Boltzmann's Work in Statistical Physics}},
    year = {2004},
    booktitle = {Stanford Encyclopedia of Philosophy},
    url = {https://plato.stanford.edu/entries/statphys-Boltzmann/}
}

@article{Read2009ConstraintsState,
    title = {{Constraints on a phenomenologically parametrized neutron-star equation of state}},
    year = {2009},
    journal = {Physical Review D - Particles, Fields, Gravitation and Cosmology},
    author = {Read, Jocelyn S. and Lackey, Benjamin D. and Owen, Benjamin J. and Friedman, John L.},
    number = {12},
    pages = {1--18},
    volume = {79},
    doi = {10.1103/PhysRevD.79.124032},
    issn = {15507998},
    pmid = {26275007},
    arxivId = {0812.2163}
}

@misc{CVRueda,
    title = {{CV de Jorge Rueda}}
}

@article{RamosDefinicionesMasa,
    title = {{Definiciones de masa}},
    author = {Ramos, David}
}

@misc{RamosEcuacionesAcoplamiento,
    title = {{Ecuaciones de campo y condiciones de acoplamiento}},
    author = {Ramos, David}
}

@article{Nunez2001EsquemaMaple,
    title = {{Esquema de Bondi hecho en Maple}},
    year = {2001},
    author = {Nu{\~{n}}ez, Luis},
    number = {February},
    volume = {79}
}

@article{Stahl2014GeneralizedCircuits,
    title = {{Generalized Liouville Equation for Nonlinear Dynamic Circuits}},
    year = {2014},
    author = {Stahl, Daniel and Mathis, Wolfgang},
    number = {8},
    pages = {201--204}
}

@article{STEEB1979GENERALIZEDCYCLES,
    title = {{GENERALIZED LIOUVILLE EQUATION, ENTROPY, AND DYNAMIC SYSTEMS CONTAINING LIMIT CYCLES}},
    year = {1979},
    author = {STEEB, WILLI-HANS},
    pages = {181--190}
}

@incollection{Friedman2014InstabilitiesStars,
    title = {{Instabilities of Relativistic Stars}},
    year = {2014},
    booktitle = {General Relativity, Cosmology and Astrophysics},
    author = {Friedman, John L. and Stergioulas, Nikolaos},
    pages = {427--458},
    publisher = {Springer International Publishing},
    url = {http://link.springer.com/10.1007/978-3-319-06349-2_20},
    doi = {10.1007/978-3-319-06349-2{\_}20}
}

@article{Kaplan1988KaonMatter,
    title = {{Kaon Condensation in Dense Matter}},
    year = {1988},
    journal = {Nuclear Physics A},
    author = {Kaplan, D B and Nelson, A E},
    pages = {273--284},
    volume = {479}
}

@article{Barreto2015LivingSphericity,
    title = {{Living green paper on Low rotation from sphericity}},
    year = {2015},
    author = {Barreto, W and Nu{\~{n}}ez, Luis},
    number = {1},
    pages = {1--11}
}

@article{Bondi1964MassiveRelativity,
    title = {{Massive Spheres in General Relativity}},
    year = {1964},
    journal = {Proceedings of the Royal Society of London. Series A, Mathematical and Physical Sciences},
    author = {Bondi, H},
    number = {1390},
    pages = {303--317},
    volume = {282},
    doi = {10.1098/rspa.1964.0234},
    issn = {1364-5021}
}

@article{Zavlin2002ModelingAtmospheres,
    title = {{Modeling Neutron Star Atmospheres}},
    year = {2002},
    journal = {Proceedings of the 270. WE-Heraeus Seminar on Neutron Stars},
    author = {Zavlin, V E and Pavlov, G G},
    month = {6},
    pages = {263},
    url = {http://adsabs.harvard.edu/cgi-bin/nph-data_query?bibcode=2002nsps.conf..263Z&link_type=ABSTRACT%0Apapers3://publication/uuid/11C24210-A9D4-4EDD-A498-0EC44A55F842 http://arxiv.org/abs/astro-ph/0206025},
    arxivId = {astro-ph/0206025}
}

@article{ModifiedProccess,
    title = {{Modified Urca proccess}},
    url = {https://physics.stackexchange.com/questions/6533/what-allows-the-modified-urca-process-to-work-at-lower-density-than-direct-urca?rq=1}
}

@article{Servillat2012NeutronM28,
    title = {{Neutron star atmosphere composition: the quiescent, low-mass X-ray binary in the globular cluster M28}},
    year = {2012},
    journal = {Monthly Notices of the Royal Astronomical Society},
    author = {Servillat, Mathieu and Heinke, C. O. and Ho, W. C. G. and Grindlay, J. E. and Hong, J. and Berg, M. van den and Bogdanov, S.},
    number = {2},
    month = {3},
    pages = {1556--1561},
    volume = {423},
    url = {http://arxiv.org/abs/1203.5807 http://dx.doi.org/10.1111/j.1365-2966.2012.20976.x},
    doi = {10.1111/j.1365-2966.2012.20976.x},
    issn = {00358711},
    arxivId = {1203.5807},
    keywords = {Equation of state, Globular clusters: individual: M28, Globular clusters: individual: NGC 6626, Stars: neutron, X-rays: binaries, X-rays: individual: CXOGlb J182432.8-245208}
}

@article{Yakovlev2004NeutronCooling,
    title = {{Neutron Star Cooling}},
    year = {2004},
    journal = {Annual Review of Astronomy and Astrophysics},
    author = {Yakovlev, D G and Pethick, C J},
    number = {1},
    month = {2},
    pages = {169--210},
    volume = {42},
    url = {http://arxiv.org/abs/astro-ph/0402143 http://dx.doi.org/10.1146/annurev.astro.42.053102.134013},
    doi = {10.1146/annurev.astro.42.053102.134013},
    arxivId = {astro-ph/0402143}
}

@article{Negele1973NeutronDensities,
    title = {{Neutron star matter at sub-nuclear densities}},
    year = {1973},
    journal = {Nuclear Physics, Section A},
    author = {Negele, J. W. and Vautherin, D.},
    number = {2},
    pages = {298--320},
    volume = {207},
    doi = {10.1016/0375-9474(73)90349-7},
    issn = {03759474}
}

@article{Fortin2016NeutronState,
    title = {{Neutron star radii and crusts: Uncertainties and unified equations of state}},
    year = {2016},
    journal = {Physical Review C},
    author = {Fortin, M. and Provid{\^{e}}ncia, C. and Raduta, Ad R. and Gulminelli, F. and Zdunik, J. L. and Haensel, P. and Bejger, M.},
    number = {3},
    pages = {1--21},
    volume = {94},
    isbn = {978-989-8425-40-9},
    doi = {10.1103/PhysRevC.94.035804},
    issn = {24699993},
    arxivId = {1604.01944}
}

@book{Haensel2007NeutronStructure,
    title = {{Neutron Stars 1: Equation of State and Structure}},
    year = {2007},
    author = {Haensel, Pawel and Potekhin, Alexander Y. and Yakovlev, D G},
    publisher = {Springer}
}

@article{Lavallaz2010NeutronProbes.,
    title = {{Neutron Stars as Dark Matter Probes.}},
    year = {2010},
    author = {Lavallaz, Arnaud De and Fairbairn, Malcolm},
    arxivId = {arXiv:1004.0629v1}
}

@article{Raj2017NeutronFrontier,
    title = {{Neutron stars at the dark matter direct detection frontier}},
    year = {2017},
    author = {Raj, Nirmal and Tanedo, Philip and Yu, Hai-bo},
    number = {1},
    pages = {1--6},
    arxivId = {arXiv:1707.09442v1}
}

@article{HeintzmannNeutronStability,
    title = {{Neutron Stars with an Anisotropic Equation of State: Mass, Redshift and Stability}},
    author = {Heintzmann, H and Hillebrant, W}
}

@article{RodriguezNeutronRelativity,
    title = {{Neutron stars within pseudo-complex general relativity}},
    author = {Rodr{\'{i}}guez, Isaac and Hess, Peter O and Schramm, Stefan and Greiner, Walter},
    volume = {105201},
    publisher = {IOP Publishing},
    doi = {10.1088/0954-3899/41/10/105201}
}

@misc{NoteUnits,
    title = {{Note on units}}
}

@article{BarretoRadiatingCase,
    title = {{Radiating and slowly rotating bodies : a stationary case}},
    author = {Barreto, W},
    number = {7}
}

@article{HerreraRadiatingRelativity,
    title = {{Radiating, slowly rotating bodies in general relativity}},
    author = {Herrera, Luis and Melfo, A and Nu{\~{n}}ez, Luis and Pati{\~{n}}o, A}
}

@article{Barreto2015RadiationConfigurations,
    title = {{Radiation Hydrodynamics in Slowly Rotating General Relativistic Matter Configurations}},
    year = {2015},
    author = {Barreto, W},
    pages = {146}
}

@misc{CallenRelativisticThermodynamics,
    title = {{Relativistic Thermodynamics}},
    author = {Callen, Herbert and Horwitz, Gerald}
}

@misc{SpeedStars,
    title = {{Speed of sound on Neutron stars}},
    url = {https://physics.stackexchange.com/questions/54684/is-the-speed-of-sound-almost-as-high-as-the-speed-of-light-in-neutron-stars?rq=1}
}

@article{Friedman2011StabilityStars,
    title = {{Stability of relativistic stars}},
    year = {2011},
    journal = {Bulletin of the Astronomical Society of India},
    author = {Friedman, John L. and Stergioulas, Nikolaos},
    number = {1},
    pages = {21--48},
    volume = {39},
    isbn = {9814374768},
    doi = {10.1007/BF02702304},
    issn = {03049523},
    keywords = {Instabilities, Stars:general, Stars:neutron, Stars:rotation}
}

@article{Collins1975Superdense,
    title = {{Superdense Matter : Neutrons or Asymptotically Free Quarks ?}},
    year = {1975},
    journal = {Physical Review Letters},
    author = {Collins, J C and Perry, M J},
    number = {21},
    pages = {1353--1356},
    volume = {34}
}

@article{Dexheimer2017Tabulated2017,
    title = {{Tabulated Neutron Star Equations of State Modeled within the Chiral Mean Field Model arXiv : 1708 . 08342v2 [ astro-ph . HE ] 25 Nov 2017}},
    year = {2017},
    author = {Dexheimer, V},
    doi = {10.1017/pas.2017.xxx.Tabulated},
    arxivId = {arXiv:1708.08342v2},
    keywords = {chiral symmetry, hyperon, neutron star, quark deconfinement, tabulated equation of state}
}

@misc{TeachingActivities,
    title = {{Teaching Activities}},
    url = {http://www.jb.man.ac.uk/~smao/teaching.html}
}

@article{Articles2012TheLimit,
    title = {{The Planck mass and the Chandrasekhar limit}},
    year = {2012},
    author = {Articles, Related},
    number = {2009},
    volume = {683},
    doi = {10.1119/1.3110884}
}

@article{Articles2012TopicsExamples,
    title = {{Topics in quantum physics with origins in astronomy: Two examples}},
    year = {2012},
    author = {Articles, Related},
    volume = {406},
    doi = {10.1119/1.3679145}
}